@article{andrews1991paradigms,
  title={Paradigms for process interaction in distributed programs},
  author={Andrews, Gregory R},
  journal={ACM Computing Surveys (CSUR)},
  volume={23},
  number={1},
  pages={49--90},
  year={1991},
  publisher={ACM}
}
